@article{freitas,
	author = "Freaitas, F. A. and Peres, S. M. and Lima, C. A. M. and Barbosa, F. V.",
	title = "Grammatical Facial Expressions Recognition with Machine Learning",
	journaltitle = "27th Florida Artificial Intelligence Research Society Conference (FLAIRS)",
	pages = "p. 180-185",
	year = "2014"
}

@book{bishop,
	author = "Christopher M. Bishop",
	title = "Pattern Recognition and Machine Learning",
	year = "2006",
	publisher = "Springer Science+Business Media",
	language = "English"	
}
